
@ARTICLE{Cecil2022-wz,
  title     = "1308 Bacteria specific {IL-10} secreting T-cells derived from
               the gut are cross-reactive with tumor antigens and accelerate
               tumor growth in mouse models",
  author    = "Cecil, Denise and Feng, Jean and Paynter, Alex and Perry,
               Jessica and Simon, Noah and Drovetto, Nicholas and Corulli,
               Lauren and Rodmaker, Erin and Strenk, Susan and Fredricks, David
               and Disis, Mary",
  journal   = "J Immunother Cancer",
  publisher = "BMJ Specialist Journals",
  volume    =  10,
  number    = "Suppl 2",
  month     =  nov,
  year      =  2022,
  url       = "https://jitc.bmj.com/content/10/Suppl_2/A1357.abstract",
  language  = "en"
}

@ARTICLE{Sabbagh2022-te,
  title     = "Machine learning for the prediction of lymph node metastasis in
               patients with prostate cancer",
  author    = "Sabbagh, A and Iii, S Washington and Tilki, D and Hong, J C and
               Feng, J and Chen, M H and Wu, J and Huland, H and Graefen, M and
               Wiegel, T and B{\"o}hmer, D and Cowan, J and Cooperberg, M R and
               Feng, F Y and Trock, B and Partin, A W and DAmico, A V and
               Carroll, P and Mohamad, O",
  journal   = "Int. J. Radiat. Oncol. Biol. Phys.",
  publisher = "Elsevier BV",
  volume    =  114,
  number    =  3,
  pages     = "S47--S48",
  month     =  nov,
  year      =  2022,
  url       = "https://linkinghub.elsevier.com/retrieve/pii/S0360301622011403",
  language  = "en"
}

@ARTICLE{Sabbagh2022-md,
  title     = "Machine learning for the prediction of distant metastases
               following postprostatectomy salvage radiation therapy",
  author    = "Sabbagh, A and Tilki, D and Feng, J and Hong, J C and Chen, M H
               and Wu, J and Huland, H and Graefen, M and Wiegel, T and
               B{\"o}hmer, D and Washington, III, S and Cowan, J and
               Cooperberg, M R and Feng, F Y and Carroll, P and Trock, B and
               Partin, A W and DAmico, A V and Mohamad, O",
  journal   = "Int. J. Radiat. Oncol. Biol. Phys.",
  publisher = "Elsevier BV",
  volume    =  114,
  number    =  3,
  pages     = "e125",
  month     =  nov,
  year      =  2022,
  url       = "https://linkinghub.elsevier.com/retrieve/pii/S0360301622016698",
  language  = "en"
}

@ARTICLE{Friesner2022-ce,
  title     = "Machine {Learning-Based} Prediction of Hospitalization Using
               Daily Step Counts for Patients Undergoing Chemoradiation",
  author    = "Friesner, I and Feng, J and Kalnicki, S and Garg, M K and Ohri,
               N and Hong, J C",
  journal   = "Int. J. Radiat. Oncol. Biol. Phys.",
  publisher = "Elsevier",
  volume    =  114,
  number    =  3,
  pages     = "S21",
  month     =  nov,
  year      =  2022,
  url       = "https://doi.org/10.1016/j.ijrobp.2022.07.370"
}

