
year
@ARTICLE{Feng2019-nw,
  title   = "{Sparse-Input} Neural Networks for High-dimensional Nonparametric
             Regression and Classification",
  author  = "Feng, Jean and Simon, Noah",
  journal = "arXiv",
  year    =  2019,
  url     = "http://arxiv.org/abs/1711.07592"
}



@ARTICLE{Feng2022-sn,
  title         = "Sequential algorithmic modification with test data reuse",
  author        = "Feng, Jean and Pennello, Gene and Petrick, Nicholas and
                   Sahiner, Berkman and Pirracchio, Romain and Gossmann, Alexej",
  month         =  mar,
  year          =  2022,
  url           = "http://arxiv.org/abs/2203.11377",
  archivePrefix = "arXiv",
  primaryClass  = "stat.ML",
  eprint        = "2203.11377"
}

