
@ARTICLE{Williamson2020-lx,
  title   = "Efficient nonparametric statistical inference on population
             feature importance using Shapley values",
  author  = "Williamson, Brian D and \underline{Jean Feng}",
  journal = "International Conference on Machine Learning",
  month   =  jun,
  year    =  2020,
  url     = "https://proceedings.icml.cc/static/paper_files/icml/2020/3042-Paper.pdf"
}

@ARTICLE{Davidsen2019-pq,
  title    = "Deep generative models for {T} cell receptor protein sequences",
  author   = "Davidsen, Kristian and Olson, Branden J and DeWitt, 3rd, William
              S and \underline{Jean Feng} and Harkins, Elias and Bradley, Philip and
              Matsen, 4th, Frederick A",
  journal  = "Elife",
  volume   =  8,
  month    =  sep,
  year     =  2019,
  url      = "http://dx.doi.org/10.7554/eLife.46935",
  language = "en"
}

@ARTICLE{Feng2019-zi,
  title     = "Survival analysis of {DNA} mutation motifs with penalized
               proportional hazards",
  author    = "\underline{Jean Feng} and Shaw, David A and Minin, Vladimir N and Simon,
               Noah and Matsen, IV, Frederick A",
  journal   = "Ann. Appl. Stat.",
  publisher = "Institute of Mathematical Statistics",
  volume    =  13,
  number    =  2,
  pages     = "1268--1294",
  month     =  jun,
  year      =  2019,
  url       = "https://projecteuclid.org/euclid.aoas/1560758446",
  language  = "en"
}

@ARTICLE{Feng2018-qn,
  title     = "Gradient-based Regularization Parameter Selection for Problems
               With Nonsmooth Penalty Functions",
  author    = "\underline{Jean Feng} and Simon, Noah",
  journal   = "J. Comput. Graph. Stat.",
  publisher = "Taylor \& Francis",
  volume    =  27,
  number    =  2,
  pages     = "426--435",
  month     =  apr,
  year      =  2018,
  url       = "https://doi.org/10.1080/10618600.2017.1390470"
}

@ARTICLE{Feng2018-ez,
  title     = "Nonparametric variable importance using an augmented neural
               network with multi-task learning",
  author    = "\underline{Jean Feng} and Williamson, Brian and Simon, Noah and Carone,
               Marco",
  journal   = "International Conference on Machine Learning",
  publisher = "PMLR",
  volume    =  80,
  pages     = "1496--1505",
  year      =  2018,
  url       = "http://proceedings.mlr.press/v80/feng18a.html",
  address   = "Stockholmsm{\"a}ssan, Stockholm Sweden"
}

@ARTICLE{Feng2020-ml,
  title   = "An analysis of the cost of hyper-parameter selection via
             split-sample validation, with applications to penalized regression",
  author  = "\underline{Jean Feng} and Simon, Noah",
  journal = "Statistica Sinica",
  volume  =  30,
  pages   = "511--530",
  year    =  2020,
  url     = "http://www3.stat.sinica.edu.tw/ss_newpaper/SS-2017-0310_na.pdf"
}

@ARTICLE{Feng2019-lq,
  title   = "Approval policies for modifications to Machine {Learning-Based}
             Software as a Medical Device: A study of bio-creep",
  author  = "\underline{Jean Feng} and Emerson, Scott and Simon, Noah",
  journal = "Biometrics",
  year    =  2020,
  note    =  "In press",
  url     = "https://doi.org/10.1111/biom.13379",
}

@ARTICLE{Feng2019-aa,
  title    = "Estimation of cell lineage trees by maximum-likelihood
              phylogenetics",
  author   = "\underline{Jean Feng} and DeWitt, William S and McKenna, Aaron and Simon,
              Noah and Willis, Amy and Matsen, Frederick A",
  journal  = "Annals of Applied Statistics",
  year    =  2020,
  note =  "In press",
  url      = "https://www.biorxiv.org/content/10.1101/595215v1.full",
  language = "en"
}
