
year
@ARTICLE{Feng2019-nw,
  title   = "{Sparse-Input} Neural Networks for High-dimensional Nonparametric
             Regression and Classification",
  author  = "\underline{Jean Feng} and Simon, Noah",
  journal = "arXiv",
  year    =  2019,
  url     = "http://arxiv.org/abs/1711.07592"
}


